@article{Ye2017ASO,
  title={A Survey on Malware Detection Using Data Mining Techniques},
  author={Yanfang Ye and Tao Li and D. Adjeroh and S. Iyengar},
  journal={ACM Computing Surveys (CSUR)},
  year={2017},
  volume={50}
}

@ARTICLE{9018111,
  author={D. C. {D’Elia} and E. {Coppa} and F. {Palmaro} and L. {Cavallaro}},
  journal={IEEE Transactions on Information Forensics and Security},
  title={On the Dissection of Evasive Malware},
  year={2020},
  volume={15}
  }
  
@inproceedings{bruschi,
  author = {Paleari, Roberto and Martignoni, Lorenzo and Roglia, Giampaolo Fresi and Bruschi, Danilo},
  title = {A Fistful of Red-Pills: How to Automatically Generate Procedures to Detect CPU Emulators},
  year = {2009},
  publisher = {USENIX Association},
  address = {USA},
  booktitle = {Proceedings of the 3rd USENIX Conference on Offensive Technologies}
}

@manual{cpuid,
  title  = "Defeating malware’s Anti-VM techniques (CPUID-Based Instructions)",
  author = "Sina Karvandi",
  note   = "\url{https://rayanfam.com/topics/defeating-malware-anti-vm-techniques-cpuid-based-instructions/}",
  year   = "2018 (accessed December 3, 2020)"
}

@book{os,
  author = {Abraham Silberschatz, Peter B. Galvin, Greg Gagne},
  title = {Operating System Concepts, 10th Edition },
  year = {2019},
  publisher = {WILEY}
  }

@article{virtreq,
  author = {Gerald J. Popek and Robert P. Goldberg},
  title = {Formal Requirements for Virtualizable Third Generation Architectures},
  journal = {Communications of the ACM},
  year = {1974},
  volume = {17}
  }
  
@manual{windocs,
  title  = "Windows registry information for advanced users",
  author = "Deland Han, Simonx Xu",
  note   = "\url{https://docs.microsoft.com/en-us/troubleshoot/windows-server/performance/windows-registry-advanced-users}",
  year   = "09/08/2020 (accessed December 3, 2020)"
}

@manual{quser,
    title = "Transparently running binaries from any architecture in Linux with QEMU and binfmt\_misc",
    author = "nachoparker",
    note = "\url{https://ownyourbits.com/2018/06/13/transparently-running-binaries-from-any-architecture-in-linux-with-qemu-and-binfmt_misc/}",
    year = "13/06/2018 (accessed December 17, 2020)"
}

@inproceedings{QASan-SecDev20,
  author={Fioraldi, Andrea and D’Elia, Daniele Cono and Querzoni, Leonardo},
  booktitle={2020 IEEE Secure Development Conference (SecDev)}, 
  title={Fuzzing Binaries for Memory Safety Errors with {QASan}}, 
  year={2020}
}

@manual{translatorinternals,
    title = "QEMU 2.7.0 Documentation",
    note = "\url{http://people.redhat.com/pbonzini/qemu-test-doc/_build/html/topics/Translator-Internals.html}",
    year = "2016 (accessed December 17, 2020)"
}

@manual{bitdef,
    title = "Who IsErIk: A Resurface of an Advanced Persistent Adware?",
    note = "\url{https://www.bitdefender.com/files/News/CaseStudies/study/284/Bitdefender-WhitePaper-Erik-CREA3910-en-EN-GenericUse.pdf}",
    year = "2019 (accessed December 17, 2020)"
}

@manual{smbios,
    title = "System ManagementBIOS (SMBIOS) Reference Specification",
    author = "DMTF",
    note = "\url{https://www.dmtf.org/standards/smbios}",
    year = "17/02/2020"
}

@manual{acpi,
    title = "Advanced Configuration and PowerInterface (ACPI) Specification",
    author = "UEFI Forum, Inc.",
    note = "\url{https://uefi.org/specifications}",
    year = "06/10/2020"
}

@INPROCEEDINGS{9042158,
    author={C. {Pascariu} and I. {Barbu}},
    booktitle={2019 11th International Conference on Electronics, Computers and Artificial Intelligence (ECAI)},
    title={Ransomware Honeypot: Honeypot solution designed to detect a ransomware infection identify the ransomware family},
    year={2019}
}

@inproceedings{bbox,
    author = {Kirat, Dhilung and Vigna, Giovanni and Kruegel, Christopher},
    title = {BareBox: Efficient Malware Analysis on Bare-Metal},
    year = {2011},
    booktitle = {Proceedings of the 27th Annual Computer Security Applications Conference}
}

@inproceedings{panda,
    author = {Dolan-Gavitt, Brendan and Hodosh, Josh and Hulin, Patrick and Leek, Tim and Whelan, Ryan},
    title = {Repeatable Reverse Engineering with PANDA},
    year = {2015},
    booktitle = {Proceedings of the 5th Program Protection and Reverse Engineering Workshop}
}

@InProceedings{malrec,
    author="Severi, Giorgio and Leek, Tim and Dolan-Gavitt, Brendan",
    editor="Giuffrida, Cristiano and Bardin, S{\'e}bastien and Blanc, Gregory",
    title="Malrec: Compact Full-Trace Malware Recording for Retrospective Deep Analysis",
    booktitle="Detection of Intrusions and Malware, and Vulnerability Assessment",
    year="2018"
}

@inproceedings{pandacap,
    author = {Stamatogiannakis, Manolis and Bos, Herbert and Groth, Paul},
    title = {PANDAcap: A Framework for Streamlining Collection of Full-System Traces},
    booktitle = {Proceedings of the 13th European Workshop on Systems Security},
    year = {2020}
}

@manual{avatar2,
  title={Avatar2: A Multi-Target Orchestration Platform},
  author={M. Muench and D. Nisi and A. Francillon and D. Balzarotti},
  year={2018}
}

@manual{Lastline2014FullSE,
  title={Full System Emulation: Achieving Successful Automated Dynamic Analysis of Evasive Malware},
  author={Christopher Kruegel Lastline},
  year={2014}
}

@inproceedings{ether,
    author = {Dinaburg, Artem and Royal, Paul and Sharif, Monirul and Lee, Wenke},
    year = {2008},
    title = {Ether: Malware analysis via hardware virtualization extensions},
    journal = {Proceedings of the ACM Conference on Computer and Communications Security}
}

@inproceedings{lengyel2014drakvuf,
  author = {Lengyel, Tamas K. and Maresca, Steve and Payne, Bryan D. and Webster, George D. and Vogl, Sebastian and Kiayias, Aggelos},
  title = {Scalability, Fidelity and Stealth in the DRAKVUF Dynamic Malware Analysis System},
  booktitle = {Proceedings of the 30th Annual Computer Security Applications Conference},
  year = {2014}
}

@inproceedings{decaf,
    author = {Ali Davanian and Zhenxiao Qi and Yu Qu and Heng Yin},
    title = {DECAF++: Elastic Whole-System Dynamic Taint Analysis},
    booktitle = {22nd International Symposium on Research in Attacks, Intrusions and Defenses (RAID)},
    year = {2019}
}

@manual{callhook,
    author = {Lopez, Juan and Babun, Leonardo and Aksu, Hidayet and Uluagac, A. Selcuk},
    title = {A Survey on Function and System Call Hooking Approaches},
    journal = {Journal of Hardware and Systems Security},
    year = {2017}
}

@manual{wmi,
    author = {Matt Graeber},
    title = {Abusing Windows Management Instrumentation (WMI) to Build a Persistent, Asyncronous, and Fileless Backdoor},
    journal = {Black Hat},
    year = {2015}
}

@inproceedings{dbi,
    author = {D'Elia, Daniele Cono and Coppa, Emilio and Nicchi, Simone and Palmaro, Federico and Cavallaro, Lorenzo},
    title = {SoK: Using Dynamic Binary Instrumentation for Security (And How You May Get Caught Red Handed)},
    year = {2019}
}

@InProceedings{hwvirt,
    author = "Brengel, Michael and Backes, Michael and Rossow, Christian",
    editor = "Caballero, Juan and Zurutuza, Urko and Rodr{\'i}guez, Ricardo J.",
    title = "Detecting Hardware-Assisted Virtualization",
    booktitle = "Detection of Intrusions and Malware, and Vulnerability Assessment",
    year = "2016"
}

@inproceedings{Kang2009EmulatingEM,
  title = {Emulating emulation-resistant malware},
  author = {Min Gyung Kang and Heng Yin and Steve Hanna and Stephen McCamant and D. Song},
  booktitle = {VMSec '09},
  year = {2009}
}

@InProceedings{hwemu,
    author = "Raffetseder, Thomas and Kruegel, Christopher and Kirda, Engin",
    editor = "Garay, Juan A. and Lenstra, Arjen K. and Mambo, Masahiro and Peralta, Ren{\'e}",
    title = "Detecting System Emulators",
    booktitle = "Information Security",
    year = "2007"
}

@inproceedings{10.1145/1572272.1572303,
    author = {Martignoni, Lorenzo and Paleari, Roberto and Roglia, Giampaolo Fresi and Bruschi, Danilo},
    title = {Testing CPU Emulators},
    year = {2009},
    booktitle = {Proceedings of the Eighteenth International Symposium on Software Testing and Analysis}
}

@inproceedings {184461,
    author = {Hao Shi and Abdulla Alwabel and Jelena Mirkovic},
    title = {Cardinal Pill Testing of System Virtual Machines},
    booktitle = {23rd {USENIX} Security Symposium ({USENIX} Security 14)},
    year = {2014}
}

@manual{rvmi,
    author = {FireEye},
    title = {rVMI: Perform Full System Analysis with Ease},
    note = {\url{https://www.fireeye.com/blog/threat-research/2017/09/rvmi-full-system-analysis.html}},
    year = {2017}
}

@manual{pyrebox,
    author = {Cisco Talos},
    title = {PyREBox},
    note = {\url{https://github.com/Cisco-Talos/pyrebox}},
    yer = {2017}
}

@manual{s2e,
    author = {Dependable Systems Lab at EPFL in Lausanne},
    title = {S$^2$E: A Platform for In-Vivo Analysis of Software Systems},
    note = {\url{http://s2e.systems/}}
}

@inproceedings{Nicolao2018ELISAEI,
  title={ELISA: ELiciting ISA of Raw Binaries for Fine-Grained Code and Data Separation},
  author={P. Nicolao and M. Pogliani and Mario Polino and M. Carminati and Davide Quarta and S. Zanero},
  booktitle={DIMVA},
  year={2018}
}

@misc{kairajarvi2019usable,
      title={Towards usable automated detection of CPU architecture and endianness for arbitrary binary files and object code sequences}, 
      author={Sami Kairajärvi and Andrei Costin and Timo Hämäläinen},
      year={2019}
}

@inproceedings{10.1145/3374664.3375742,
    author = {Kairaj\"{a}rvi, Sami and Costin, Andrei and H\"{a}m\"{a}l\"{a}inen, Timo},
    title = {ISAdetect: Usable Automated Detection of CPU Architecture and Endianness for Executable Binary Files and Object Code},
    year = {2020},
    booktitle = {Proceedings of the Tenth ACM Conference on Data and Application Security and Privacy}
}

@article{bruening,
    author = {Bruening, Derek and Zhao, Qin and Amarasinghe, Saman},
    year = {2012},
    title = {Transparent Dynamic Instrumentation},
    journal = {ACM SIGPLAN Notices}
}

@manual{corsec,
    author = {Francisco Falcón and Nahuel Riva},
    title = {Dynamic Binary Instrumentation Frameworks: I know you're there spying on me},
    year = {2012}
}

@InProceedings{10.1007/978-3-319-60876-1_4,
    author="Polino, Mario and Continella, Andrea and Mariani, Sebastiano and D'Alessio, Stefano and Fontana, Lorenzo and Gritti, Fabio and Zanero, Stefano",
    editor="Polychronakis, Michalis and Meier, Michael",
    title="Measuring and Defeating Anti-Instrumentation-Equipped Malware",
    booktitle="Detection of Intrusions and Malware, and Vulnerability Assessment",
    year="2017"
}

@article{10.1145/2089125.2089126,
    author = {Egele, Manuel and Scholte, Theodoor and Kirda, Engin and Kruegel, Christopher},
    title = {A Survey on Automated Dynamic Malware-Analysis Techniques and Tools},
    year = {2008},
    journal = {ACM Comput. Surv.}
}

@INPROCEEDINGS{7299979,
    author={Y. {Hebbal} and S. {Laniepce} and J. {Menaud}},
    booktitle={2015 10th International Conference on Availability, Reliability and Security}, 
    title={Virtual Machine Introspection: Techniques and Applications}, 
    year={2015}
}

@inproceedings{10.5555/874075.876409,
    author = {Chen, Peter M. and Noble, Brian D.},
    title = {When Virtual Is Better Than Real},
    year = {2001},
    publisher = {IEEE Computer Society},
    booktitle = {Proceedings of the Eighth Workshop on Hot Topics in Operating Systems}
}

@INPROCEEDINGS{5958036,
  author={B. {Dolan-Gavitt} and T. {Leek} and M. {Zhivich} and J. {Giffin} and W. {Lee}},
  booktitle={2011 IEEE Symposium on Security and Privacy}, 
  title={Virtuoso: Narrowing the Semantic Gap in Virtual Machine Introspection}, 
  year={2011}
  }
  
 @manual{bots16,
    author = {Ke Sun and Xiaoning Li and Ya Ou},
    title = {Break Out of the Truman Show: ActiveDetection and Escape of Dynamic Binary Instrumentation},
    year = {2016},
    journal = {Black Hat Asia}
}